<?xml version="1.0" encoding="UTF-8"?><collection xmlns="http://www.loc.gov/MARC21/slim"><record><leader>00518nam--2200193-u-4500</leader><controlfield tag="001">000055969</controlfield><controlfield tag="002">20161230</controlfield><controlfield tag="005">20161230201052</controlfield><controlfield tag="008">130829s1000------------r-----000-0-rum-d</controlfield><datafield ind1=" " ind2=" " tag="040"><subfield code="a">IFIN-HH</subfield></datafield><datafield ind1=" " ind2=" " tag="041"><subfield code="a">rum</subfield></datafield><datafield ind1=" " ind2=" " tag="080"><subfield code="a">015:523.1</subfield></datafield><datafield ind1="1" ind2=" " tag="100"><subfield code="a">Hafner, H</subfield></datafield><datafield ind1="1" ind2="0" tag="245"><subfield code="a">Contributii la teoria univertitatii in expansiune</subfield><subfield code="b">Teza</subfield><subfield code="c">H. hafner</subfield></datafield><datafield ind1=" " ind2=" " tag="260"><subfield code="a">Cluj</subfield><subfield code="b">Univertatea</subfield><subfield code="c">1972</subfield></datafield><datafield ind1=" " ind2=" " tag="300"><subfield code="a">173P+7P</subfield></datafield><datafield ind1=" " ind2=" " tag="502"><subfield code="a">Conducator Stiintific: Prof.Dr. Mircea Vasiu</subfield></datafield><datafield ind1=" " ind2=" " tag="852"><subfield code="a">38576</subfield><subfield code="c">523</subfield></datafield><datafield ind1=" " ind2=" " tag="CAT"><subfield code="a">Sys</subfield><subfield code="c">20130829</subfield><subfield code="h">142522</subfield></datafield></record></collection>